[gd_scene load_steps=9 format=2]

[ext_resource path="res://Scripts/MainMenu.gd" type="Script" id=1]
[ext_resource path="res://Sprites/MainMenu/background.png" type="Texture" id=2]
[ext_resource path="res://Sprites/MainMenu/items_button.png" type="Texture" id=3]
[ext_resource path="res://Sprites/MainMenu/shop_button.png" type="Texture" id=4]
[ext_resource path="res://Sprites/MainMenu/quests_button.png" type="Texture" id=5]
[ext_resource path="res://Sprites/MainMenu/dungeon_button.png" type="Texture" id=6]
[ext_resource path="res://Sprites/MainMenu/lore_button.png" type="Texture" id=7]
[ext_resource path="res://Sprites/MainMenu/stats_button.png" type="Texture" id=8]

[node name="Node" type="Node" index="0"]

script = ExtResource( 1 )

[node name="Sprite" type="Sprite" parent="." index="0"]

texture = ExtResource( 2 )
centered = false
__meta__ = {
"_edit_lock_": true
}

[node name="Buttons" type="Node" parent="." index="1"]

[node name="ItemsButton" type="TextureButton" parent="Buttons" index="0"]

anchor_left = 0.0
anchor_top = 0.0
anchor_right = 0.0
anchor_bottom = 0.0
margin_left = 2.0
margin_top = 83.0
margin_right = 48.0
margin_bottom = 162.0
rect_pivot_offset = Vector2( 0, 0 )
rect_clip_content = false
focus_mode = 2
mouse_filter = 0
mouse_default_cursor_shape = 0
size_flags_horizontal = 1
size_flags_vertical = 1
toggle_mode = false
enabled_focus_mode = 2
shortcut = null
group = null
texture_normal = ExtResource( 3 )
_sections_unfolded = [ "Textures" ]

[node name="ShopButton" type="TextureButton" parent="Buttons" index="1"]

anchor_left = 0.0
anchor_top = 0.0
anchor_right = 0.0
anchor_bottom = 0.0
margin_left = 49.0
margin_top = 65.0
margin_right = 95.0
margin_bottom = 133.0
rect_pivot_offset = Vector2( 0, 0 )
rect_clip_content = false
focus_mode = 2
mouse_filter = 0
mouse_default_cursor_shape = 0
size_flags_horizontal = 1
size_flags_vertical = 1
toggle_mode = false
enabled_focus_mode = 2
shortcut = null
group = null
texture_normal = ExtResource( 4 )
_sections_unfolded = [ "Textures" ]

[node name="QuestsButton" type="TextureButton" parent="Buttons" index="2"]

anchor_left = 0.0
anchor_top = 0.0
anchor_right = 0.0
anchor_bottom = 0.0
margin_left = 3.0
margin_top = 191.0
margin_right = 43.0
margin_bottom = 231.0
rect_pivot_offset = Vector2( 0, 0 )
rect_clip_content = false
focus_mode = 2
mouse_filter = 0
mouse_default_cursor_shape = 0
size_flags_horizontal = 1
size_flags_vertical = 1
toggle_mode = false
enabled_focus_mode = 2
shortcut = null
group = null
texture_normal = ExtResource( 5 )
_sections_unfolded = [ "Textures" ]

[node name="DungeonButton" type="TextureButton" parent="Buttons" index="3"]

anchor_left = 0.0
anchor_top = 0.0
anchor_right = 0.0
anchor_bottom = 0.0
margin_left = 39.0
margin_top = 171.0
margin_right = 105.0
margin_bottom = 242.0
rect_pivot_offset = Vector2( 0, 0 )
rect_clip_content = false
focus_mode = 2
mouse_filter = 0
mouse_default_cursor_shape = 0
size_flags_horizontal = 1
size_flags_vertical = 1
toggle_mode = false
enabled_focus_mode = 2
shortcut = null
group = null
texture_normal = ExtResource( 6 )
_sections_unfolded = [ "Textures" ]

[node name="LoreButton" type="TextureButton" parent="Buttons" index="4"]

anchor_left = 0.0
anchor_top = 0.0
anchor_right = 0.0
anchor_bottom = 0.0
margin_left = 108.0
margin_top = 187.0
margin_right = 148.0
margin_bottom = 227.0
rect_pivot_offset = Vector2( 0, 0 )
rect_clip_content = false
focus_mode = 2
mouse_filter = 0
mouse_default_cursor_shape = 0
size_flags_horizontal = 1
size_flags_vertical = 1
toggle_mode = false
enabled_focus_mode = 2
shortcut = null
group = null
texture_normal = ExtResource( 7 )
_sections_unfolded = [ "Textures" ]

[node name="StatsButton" type="TextureButton" parent="Buttons" index="5"]

anchor_left = 0.0
anchor_top = 0.0
anchor_right = 0.0
anchor_bottom = 0.0
margin_left = 96.0
margin_top = 83.0
margin_right = 142.0
margin_bottom = 162.0
rect_pivot_offset = Vector2( 0, 0 )
rect_clip_content = false
focus_mode = 2
mouse_filter = 0
mouse_default_cursor_shape = 0
size_flags_horizontal = 1
size_flags_vertical = 1
toggle_mode = false
enabled_focus_mode = 2
shortcut = null
group = null
texture_normal = ExtResource( 8 )
_sections_unfolded = [ "Textures" ]


